<?xml version="1.0" encoding="UTF-8"?><collection xmlns="http://www.loc.gov/MARC21/slim"><record><leader>00369nam--2200133-i-4500</leader><controlfield tag="001">000038224</controlfield><controlfield tag="002">20161230</controlfield><controlfield tag="005">20161230201041</controlfield><controlfield tag="008">060222s1000------------r-----000-0-eng-d</controlfield><datafield ind1=" " ind2=" " tag="080"><subfield code="a">621.039.8</subfield></datafield><datafield ind1=" " ind2=" " tag="100"><subfield code="a">Reim, Thomas E</subfield></datafield><datafield ind1=" " ind2=" " tag="245"><subfield code="a">An advanced nuclear gage for automatic process moisture control</subfield></datafield><datafield ind1=" " ind2=" " tag="260"><subfield code="a">/Cleveland, Republic Steel Corp., 1967/, 14p</subfield></datafield><datafield ind1=" " ind2=" " tag="852"><subfield code="a">25785</subfield></datafield></record></collection>